<?xml version="1.0" encoding="utf-8"?>
<record xmlns="http://www.loc.gov/MARC21/slim" xmlns:xsi="http://www.w3.org/2001/XMLSchema-instance" xsi:schemaLocation="http://www.loc.gov/MARC21/slim http://www.loc.gov/standards/marcxml/schema/MARC21slim.xsd">
	<leader>
		03009nam a2200481   4500
	</leader>
	<controlfield tag="001">
		3071694
	</controlfield>
	<controlfield tag="003">
		NNC
	</controlfield>
	<controlfield tag="006">
		m        d        
	</controlfield>
	<controlfield tag="007">
		cr cn |||m|||a
	</controlfield>
	<controlfield tag="008">
		160223s1951    sy h    ob    000 0 ara  
	</controlfield>
	<datafield ind1=" " ind2=" " tag="040">
		<subfield code="a">
			NNU
		</subfield>
		<subfield code="b">
			eng
		</subfield>
		<subfield code="e">
			rda
		</subfield>
		<subfield code="c">
			NNU
		</subfield>
	</datafield>
	<datafield ind1="0" ind2=" " tag="050">
		<subfield code="a">
			PJ7750
		</subfield>
		<subfield code="b">
			.I23 1951
		</subfield>
	</datafield>
	<datafield ind1="1" ind2=" " tag="100">
		<subfield code="6">
			880-01
		</subfield>
		<subfield code="a">
			Ibn Ḥayyūs, Muḥammad ibn Sulṭān,
		</subfield>
		<subfield code="d">
			1003-1081.
		</subfield>
	</datafield>
	<datafield ind1="1" ind2="0" tag="245">
		<subfield code="6">
			880-02
		</subfield>
		<subfield code="a">
			Dīwān Ibn Ḥayyūs :
		</subfield>
		<subfield code="b">
			al-Amīr Muṣṭafá al-Dawlah Abī al-Fityān Muḥammad ibn Sulṭān al-mashhūr bi-Ibn Ḥayyūs al-Ghanawī al-Dimashqī, 394-473 /
		</subfield>
		<subfield code="c">
			ʻAniya bi-nashrih wa-Taḥqīqih Khalīl Mardam.
		</subfield>
	</datafield>
	<datafield ind1=" " ind2=" " tag="260">
		<subfield code="6">
			880-03
		</subfield>
		<subfield code="a">
			Dimashq :
		</subfield>
		<subfield code="b">
			al-Majmaʻ al-ʻIlmī al-ʻArabī,
		</subfield>
		<subfield code="c">
			1371 [1951]
		</subfield>
	</datafield>
	<datafield ind1=" " ind2=" " tag="300">
		<subfield code="a">
			online resource (2 volumes (50, 693 pages)) :
		</subfield>
		<subfield code="b">
			facsimiles
		</subfield>
	</datafield>
	<datafield ind1=" " ind2=" " tag="336">
		<subfield code="a">
			text
		</subfield>
		<subfield code="2">
			rdacontent
		</subfield>
	</datafield>
	<datafield ind1=" " ind2=" " tag="337">
		<subfield code="a">
			computer
		</subfield>
		<subfield code="2">
			rdamedia
		</subfield>
	</datafield>
	<datafield ind1=" " ind2=" " tag="338">
		<subfield code="a">
			online resource
		</subfield>
		<subfield code="2">
			rdacarrier
		</subfield>
	</datafield>
	<datafield ind1="1" ind2=" " tag="490">
		<subfield code="6">
			880-04
		</subfield>
		<subfield code="a">
			Matbūʻāt al-Majmaʻ al-ʻIlmī al-ʻArabī bi-Dimashq
		</subfield>
	</datafield>
	<datafield ind1=" " ind2=" " tag="500">
		<subfield code="a">
			Part of the Arabic Collections Online (ACO) project, contributed by Columbia University Libraries.
		</subfield>
	</datafield>
	<datafield ind1=" " ind2=" " tag="504">
		<subfield code="a">
			Includes bibliographical references (v. 2, pages 676-677).
		</subfield>
	</datafield>
	<datafield ind1=" " ind2=" " tag="533">
		<subfield code="a">
			Electronic reproduction.
		</subfield>
		<subfield code="b">
			New York, N.Y. :
		</subfield>
		<subfield code="c">
			New York University,
		</subfield>
		<subfield code="d">
			2016.
		</subfield>
		<subfield code="5">
			NNU
		</subfield>
	</datafield>
	<datafield ind1=" " ind2="0" tag="650">
		<subfield code="a">
			Arabic poetry
		</subfield>
		<subfield code="y">
			750-1258.
		</subfield>
	</datafield>
	<datafield ind1=" " ind2="7" tag="650">
		<subfield code="a">
			Arabic poetry.
		</subfield>
		<subfield code="2">
			fast
		</subfield>
		<subfield code="0">
			(OCoLC)fst00812533
		</subfield>
	</datafield>
	<datafield ind1=" " ind2="7" tag="648">
		<subfield code="a">
			750 - 1258
		</subfield>
		<subfield code="2">
			fast
		</subfield>
	</datafield>
	<datafield ind1="1" ind2=" " tag="700">
		<subfield code="6">
			880-05
		</subfield>
		<subfield code="a">
			Mardam, Khalīl,
		</subfield>
		<subfield code="d">
			1895-1959,
		</subfield>
		<subfield code="e">
			editor.
		</subfield>
	</datafield>
	<datafield ind1="2" ind2=" " tag="710">
		<subfield code="6">
			880-06
		</subfield>
		<subfield code="a">
			Majmaʻ al-ʻIlmī al-ʻArabī bi-Dimashq.
		</subfield>
	</datafield>
	<datafield ind1="2" ind2=" " tag="710">
		<subfield code="a">
			Columbia University.
		</subfield>
		<subfield code="b">
			Libraries.
		</subfield>
	</datafield>
	<datafield ind1="0" ind2=" " tag="730">
		<subfield code="a">
			Arabic Collections Online.
		</subfield>
	</datafield>
	<datafield ind1="0" ind2="8" tag="776">
		<subfield code="i">
			Online version:
		</subfield>
		<subfield code="a">
			Ibn Ḥayyūs, Muḥammad ibn Sulṭān, 1003-1081.
		</subfield>
		<subfield code="t">
			Dīwān Ibn Ḥayyūs.
		</subfield>
		<subfield code="d">
			[Dimashq, 1371/1951]
		</subfield>
		<subfield code="w">
			(OCoLC)584019621
		</subfield>
	</datafield>
	<datafield ind1="0" ind2="8" tag="776">
		<subfield code="i">
			Print version:
		</subfield>
		<subfield code="a">
			Ibn Ḥayyūs, Muḥammad ibn Sulṭān, 1003-1081.
		</subfield>
		<subfield code="t">
			Dīwān Ibn Ḥayyūs
		</subfield>
		<subfield code="w">
			(NNC)3071694
		</subfield>
		<subfield code="w">
			(DLC)   59036677 
		</subfield>
		<subfield code="w">
			(OCoLC)9152312
		</subfield>
	</datafield>
	<datafield ind1=" " ind2="0" tag="830">
		<subfield code="6">
			880-07
		</subfield>
		<subfield code="a">
			Maṭbūʻāt al-Majmaʻ al-ʻIlmī al-ʻArabī bi-Dimashq.
		</subfield>
	</datafield>
	<datafield ind1="4" ind2="0" tag="856">
		<subfield code="u">
			http://hdl.handle.net/2333.1/2z34tqsw
		</subfield>
	</datafield>
	<datafield ind1="1" ind2=" " tag="880">
		<subfield code="6">
			100-01/r
		</subfield>
		<subfield code="a">
			إبن حيوس، محمد بن سلطان،
		</subfield>
		<subfield code="d">
			1003-1081.
		</subfield>
	</datafield>
	<datafield ind1="1" ind2="0" tag="880">
		<subfield code="6">
			245-02/r
		</subfield>
		<subfield code="a">
			ديوان ابن حيوس :
		</subfield>
		<subfield code="b">
			الامير مصطفى الدولة ابي الفتيان محمد بن سلطان المشهور بابن حيوس الغنوي الدمشقي، 394473 /
		</subfield>
		<subfield code="c">
			عني بنشره وتحقيقه خليل مردم.
		</subfield>
	</datafield>
	<datafield ind1=" " ind2=" " tag="880">
		<subfield code="6">
			260-03/r
		</subfield>
		<subfield code="a">
			دمشق :
		</subfield>
		<subfield code="b">
			المجمع العلمي العربي،
		</subfield>
		<subfield code="c">
			1371 [1951]
		</subfield>
	</datafield>
	<datafield ind1="1" ind2=" " tag="880">
		<subfield code="6">
			490-04/r
		</subfield>
		<subfield code="a">
			مطبوعات المجمع العلمي العربي بدمشق
		</subfield>
	</datafield>
	<datafield ind1="1" ind2=" " tag="880">
		<subfield code="6">
			700-05/r
		</subfield>
		<subfield code="a">
			مردم، خليل،
		</subfield>
		<subfield code="d">
			1895?-1959,
		</subfield>
		<subfield code="e">
			editor.
		</subfield>
	</datafield>
	<datafield ind1="2" ind2=" " tag="880">
		<subfield code="6">
			710-06/r
		</subfield>
		<subfield code="a">
			المجمع العلمي العربي بدمشق.
		</subfield>
	</datafield>
	<datafield ind1=" " ind2="0" tag="880">
		<subfield code="6">
			830-07/r
		</subfield>
		<subfield code="a">
			مطبوعات المجمع العلمي العربي بدمشق.
		</subfield>
	</datafield>
	<datafield ind1=" " ind2=" " tag="959">
		<subfield code="a">
			NNU
		</subfield>
		<subfield code="b">
			WEB
		</subfield>
		<subfield code="c">
			GENI
		</subfield>
		<subfield code="t">
			0
		</subfield>
		<subfield code="m">
			Electronic access
		</subfield>
		<subfield code="s">
			01
		</subfield>
	</datafield>
	<datafield ind1=" " ind2=" " tag="999">
		<subfield code="i">
			NNC_3071694
		</subfield>
		<subfield code="o">
			(OCoLC)ocm09152312
		</subfield>
		<subfield code="s">
			columbia_aco001566:v.1
		</subfield>
		<subfield code="s">
			columbia_aco001567:v.2
		</subfield>
		<subfield code="e">
			(ERROR-880)
		</subfield>
		<subfield code="s">
			columbia_aco001566:v.1
		</subfield>
		<subfield code="s">
			columbia_aco001567:v.2
		</subfield>
	</datafield>
</record>
